@book{Lizzio2023,
annote = {NULL},
author = {Lizzio, Jake},
file = {},
pages = {426},
title = {{Chord Progression Codex}},
year = {2023}
}